<record><leader>00000cas a2200000 a 4500</leader><controlfield tag="001">11747824</controlfield><controlfield tag="008">850228d18041809ncuwr ne      0   a0eng  </controlfield><datafield ind1=" " ind2=" " tag="010"><subfield code="a">sn 85042100 </subfield></datafield><datafield ind1=" " ind2=" " tag="040"><subfield code="a">DLC</subfield><subfield code="b">eng</subfield><subfield code="c">DLC</subfield><subfield code="d">NPX</subfield><subfield code="d">PPM</subfield><subfield code="d">FUG</subfield><subfield code="d">NVK</subfield><subfield code="d">DLC</subfield><subfield code="d">OCL</subfield><subfield code="d">OCLCQ</subfield><subfield code="d">OCLCG</subfield><subfield code="d">OCLCO</subfield><subfield code="d">OCLCF</subfield><subfield code="d">DLC</subfield><subfield code="d">HUL</subfield></datafield><datafield ind1=" " ind2=" " tag="012"><subfield code="l">1</subfield></datafield><datafield ind1="0" ind2=" " tag="022"><subfield code="a">2374-0035</subfield><subfield code="l">2374-0035</subfield><subfield code="2">1</subfield></datafield><datafield ind1=" " ind2=" " tag="042"><subfield code="a">pcc</subfield><subfield code="a">nsdp</subfield></datafield><datafield ind1=" " ind2=" " tag="043"><subfield code="a">n-us-nc</subfield></datafield><datafield ind1="0" ind2="0" tag="050"><subfield code="a">Newspaper</subfield></datafield><datafield ind1="1" ind2="0" tag="082"><subfield code="a">070</subfield><subfield code="2">23</subfield></datafield><datafield ind1="0" ind2=" " tag="130"><subfield code="a">Minerva (Raleigh, N.C.)</subfield></datafield><datafield ind1=" " ind2="0" tag="222"><subfield code="a">Minerva</subfield><subfield code="b">(Raleigh, N.C.)</subfield></datafield><datafield ind1="1" ind2="4" tag="245"><subfield code="a">The Minerva.</subfield></datafield><datafield ind1=" " ind2=" " tag="260"><subfield code="a">Raleigh, N.C. :</subfield><subfield code="b">William Boylan,</subfield><subfield code="c">1804-1809.</subfield></datafield><datafield ind1=" " ind2=" " tag="300"><subfield code="a">6 v. ;</subfield><subfield code="c">48 cm.</subfield></datafield><datafield ind1=" " ind2=" " tag="310"><subfield code="a">Weekly</subfield></datafield><datafield ind1="0" ind2=" " tag="362"><subfield code="a">Vol. 9, no. 447 (Nov. 5, 1804)-v. 14, no. 712 (Nov. 23, 1809).</subfield></datafield><datafield ind1="4" ind2=" " tag="510"><subfield code="a">Brigham, C.S. Amer. newspapers,</subfield><subfield code="c">p. 773</subfield></datafield><datafield ind1=" " ind2=" " tag="530"><subfield code="a">Available on microfilm from North Carolina Dept. of Archives &amp; History.</subfield></datafield><datafield ind1=" " ind2="0" tag="651"><subfield code="a">Raleigh (N.C.)</subfield><subfield code="v">Newspapers.</subfield></datafield><datafield ind1=" " ind2="0" tag="651"><subfield code="a">Wake County (N.C.)</subfield><subfield code="v">Newspapers.</subfield></datafield><datafield ind1=" " ind2="7" tag="651"><subfield code="a">North Carolina</subfield><subfield code="z">Raleigh.</subfield><subfield code="2">fast</subfield><subfield code="0">(OCoLC)fst01206341</subfield></datafield><datafield ind1=" " ind2="7" tag="651"><subfield code="a">North Carolina</subfield><subfield code="z">Wake County.</subfield><subfield code="2">fast</subfield><subfield code="0">(OCoLC)fst01204274</subfield></datafield><datafield ind1=" " ind2="7" tag="655"><subfield code="a">Newspapers.</subfield><subfield code="2">fast</subfield><subfield code="0">(OCoLC)fst01423814</subfield></datafield><datafield ind1="1" ind2=" " tag="700"><subfield code="a">Boylan, William,</subfield><subfield code="d">1777-1861.</subfield></datafield><datafield ind1=" " ind2=" " tag="752"><subfield code="a">United States</subfield><subfield code="b">North Carolina</subfield><subfield code="c">Wake</subfield><subfield code="d">Raleigh.</subfield></datafield><datafield ind1="0" ind2="0" tag="780"><subfield code="t">Minerva; or, Anti-Jacobin</subfield><subfield code="x">2373-9835</subfield><subfield code="w">(DLC)sn 85042099</subfield><subfield code="w">(OCoLC)11747627</subfield></datafield><datafield ind1="0" ind2="0" tag="785"><subfield code="t">Raleigh Minerva</subfield><subfield code="x">2374-0086</subfield><subfield code="w">(DLC)sn 83045163</subfield><subfield code="w">(OCoLC)9334832</subfield></datafield><datafield ind1="1" ind2=" " tag="029"><subfield code="a">AU@</subfield><subfield code="b">000026224179</subfield></datafield></record>